<record><leader>00000cas a2200000 a 4500</leader><controlfield tag="001">14251439</controlfield><controlfield tag="008">860923d19602015paudn ne      0    0eng c</controlfield><datafield ind1=" " ind2=" " tag="010"><subfield code="a">sn 86083234 </subfield></datafield><datafield ind1=" " ind2=" " tag="040"><subfield code="a">NPH</subfield><subfield code="b">eng</subfield><subfield code="c">NPH</subfield><subfield code="d">NYS</subfield><subfield code="d">OCLCQ</subfield><subfield code="d">CUS</subfield><subfield code="d">OCLCQ</subfield><subfield code="d">OCLCF</subfield><subfield code="d">UPM</subfield><subfield code="d">IUL</subfield><subfield code="d">OCL</subfield></datafield><datafield ind1=" " ind2=" " tag="019"><subfield code="a">226060825</subfield></datafield><datafield ind1=" " ind2=" " tag="042"><subfield code="a">pcc</subfield></datafield><datafield ind1=" " ind2=" " tag="043"><subfield code="a">n-us-pa</subfield></datafield><datafield ind1="1" ind2="4" tag="050"><subfield code="a">Newspaper</subfield></datafield><datafield ind1="0" ind2=" " tag="130"><subfield code="a">Valley independent (Monessen, Pa. : Combined ed.)</subfield></datafield><datafield ind1="1" ind2="4" tag="245"><subfield code="a">The Valley independent.</subfield></datafield><datafield ind1=" " ind2=" " tag="250"><subfield code="a">[Combined ed.].</subfield></datafield><datafield ind1=" " ind2=" " tag="260"><subfield code="a">Monessen, Pa. :</subfield><subfield code="b">Mon Valley Newspapers, Inc.</subfield></datafield><datafield ind1=" " ind2=" " tag="300"><subfield code="a">v. :</subfield><subfield code="b">ill. (some col.) ;</subfield><subfield code="c">58 cm.</subfield></datafield><datafield ind1=" " ind2=" " tag="310"><subfield code="a">Daily (except Sunday)</subfield></datafield><datafield ind1=" " ind2=" " tag="336"><subfield code="a">text</subfield><subfield code="b">txt</subfield><subfield code="2">rdacontent</subfield></datafield><datafield ind1=" " ind2=" " tag="337"><subfield code="a">unmediated</subfield><subfield code="b">n</subfield><subfield code="2">rdamedia</subfield></datafield><datafield ind1=" " ind2=" " tag="338"><subfield code="a">volume</subfield><subfield code="b">nc</subfield><subfield code="2">rdacarrier</subfield></datafield><datafield ind1="1" ind2=" " tag="362"><subfield code="a">Began in 1960; ceased with edition dated Thursday, December 31, 2015.</subfield></datafield><datafield ind1=" " ind2=" " tag="500"><subfield code="a">"Charleroi" and "Donora, Pa." also printed on masthead.</subfield></datafield><datafield ind1=" " ind2=" " tag="588"><subfield code="a">Description based on: 59th year, no. 99 (Oct. 1, 1960).</subfield></datafield><datafield ind1=" " ind2=" " tag="588"><subfield code="a">Latest issue consulted: 98th year, no. 175 (Aug. 2, 2000).</subfield></datafield><datafield ind1=" " ind2="0" tag="651"><subfield code="a">Monessen (Pa.)</subfield><subfield code="v">Newspapers.</subfield></datafield><datafield ind1=" " ind2="0" tag="651"><subfield code="a">Charleroi (Pa.)</subfield><subfield code="v">Newspapers.</subfield></datafield><datafield ind1=" " ind2="0" tag="651"><subfield code="a">Donora (Pa.)</subfield><subfield code="v">Newspapers.</subfield></datafield><datafield ind1=" " ind2="0" tag="651"><subfield code="a">Westmoreland County (Pa.)</subfield><subfield code="v">Newspapers.</subfield></datafield><datafield ind1=" " ind2="0" tag="651"><subfield code="a">Washington County (Pa.)</subfield><subfield code="v">Newspapers.</subfield></datafield><datafield ind1=" " ind2="7" tag="651"><subfield code="a">Pennsylvania</subfield><subfield code="z">Charleroi.</subfield><subfield code="2">fast</subfield><subfield code="0">(OCoLC)fst01220525</subfield></datafield><datafield ind1=" " ind2="7" tag="651"><subfield code="a">Pennsylvania</subfield><subfield code="z">Donora.</subfield><subfield code="2">fast</subfield><subfield code="0">(OCoLC)fst01227172</subfield></datafield><datafield ind1=" " ind2="7" tag="651"><subfield code="a">Pennsylvania</subfield><subfield code="z">Monessen.</subfield><subfield code="2">fast</subfield><subfield code="0">(OCoLC)fst01234002</subfield></datafield><datafield ind1=" " ind2="7" tag="651"><subfield code="a">Pennsylvania</subfield><subfield code="z">Washington County.</subfield><subfield code="2">fast</subfield><subfield code="0">(OCoLC)fst01210700</subfield></datafield><datafield ind1=" " ind2="7" tag="651"><subfield code="a">Pennsylvania</subfield><subfield code="z">Westmoreland County.</subfield><subfield code="2">fast</subfield><subfield code="0">(OCoLC)fst01204997</subfield></datafield><datafield ind1=" " ind2="7" tag="655"><subfield code="a">Newspapers.</subfield><subfield code="2">fast</subfield><subfield code="0">(OCoLC)fst01423814</subfield></datafield><datafield ind1=" " ind2=" " tag="752"><subfield code="a">United States</subfield><subfield code="b">Pennsylvania</subfield><subfield code="c">Westmoreland</subfield><subfield code="d">Monessen.</subfield></datafield><datafield ind1=" " ind2=" " tag="752"><subfield code="a">United States</subfield><subfield code="b">Pennsylvania</subfield><subfield code="c">Washington</subfield><subfield code="d">Charleroi.</subfield></datafield><datafield ind1=" " ind2=" " tag="752"><subfield code="a">United States</subfield><subfield code="b">Pennsylvania</subfield><subfield code="c">Washington</subfield><subfield code="d">Donora.</subfield></datafield><datafield ind1="0" ind2="8" tag="776"><subfield code="i">Online version:</subfield><subfield code="t">Valley independent (Monessen, Pa. : Combined ed. : Online)</subfield><subfield code="w">(DLC)sn 86083234</subfield><subfield code="w">(OCoLC)233143815</subfield></datafield><datafield ind1="0" ind2="4" tag="780"><subfield code="t">Valley independent (Charleroi, Pa. : Westmoreland-Fayette Counties ed.)</subfield><subfield code="w">(DLC)sn 86083235</subfield><subfield code="w">(OCoLC)14251496</subfield></datafield><datafield ind1="0" ind2="4" tag="780"><subfield code="t">Valley independent (Charleroi, Pa. : Washington County ed.)</subfield><subfield code="w">(DLC)sn 86083236</subfield><subfield code="w">(OCoLC)14251472</subfield></datafield><datafield ind1="4" ind2="1" tag="856"><subfield code="u">http://www.valleyindependent.com/</subfield><subfield code="z">not available when searched on 7/07/2016</subfield></datafield><datafield ind1="1" ind2=" " tag="029"><subfield code="a">AU@</subfield><subfield code="b">000020432152</subfield></datafield></record>